@book{Zade,
	title = {Понятие лингвистической переменной и его применение к принятию приближенных решений},
	author = {Л.\;Заде},
	series = {Математика, Новое в зарубежной науке},
	year = {1976},
	publisher = {"МИР"},
	keywords = {physics}
}

@book{Dubya,
	title = {Теория возможностей. Приложения к представлению знаний в информатике},
	author = {Д.\;Дюбуа, А.\;Прад},
	year = {1990},
	publisher = {"Радио и Связь"},
	keywords = {physics}
}