@article{bergeret2001long,
  title={Long-range proximity effects in superconductor-ferromagnet structures},
  author={Bergeret, FS and Volkov, AF and Efetov, KB},
  journal={Physical review letters},
  volume={86},
  number={18},
  pages={4096},
  year={2001},
  publisher={APS}
}
@article{kadigrobov2001quantum,
  title={Quantum spin fluctuations as a source of long-range proximity effects in diffusive ferromagnet-super conductor structures},
  author={Kadigrobov, A and Shekhter, RI and Jonson, M},
  journal={Europhysics Letters},
  volume={54},
  number={3},
  pages={394},
  year={2001},
  publisher={IOP Publishing}
}
@article{keizer2006spin,
  title={A spin triplet supercurrent through the half-metallic ferromagnet CrO2},
  author={Keizer, Ruurd S and G{\"o}nnenwein, Sebastian TB and Klapwijk, Teun M and Miao, Guoxing and Xiao, Gang and Gupta, Arunava},
  journal={Nature},
  volume={439},
  number={7078},
  pages={825--827},
  year={2006},
  publisher={Nature Publishing Group UK London}
}