@book{МТУ,
	title={Гравитация},
	author={Мизнер, Чарльз and Торн, Кип and Уилер, Дж.},
	volume={3},
	year={1977},
	numpages={510},
	address={Москва},
	publisher={Мир}
}
@book{ЛЛII,
	title={Теоретическая физика},
	author={Ландау, Л.Д. and Лифшиц, Е.М.},
	volume={II. Теория поля},
	year={2003},
	edition={8-е изд., стеот.},
	numpages={536},
	address={Москва},
	publisher={ФИЗМАТЛИТ}
}
@article{Stelle,
	title={Classical Gravity with Higher Derivatives},
	author={Stelle, K.S.},
	year={1978},
	journal={General Relativity and Gravitation},
	volume = {9}, 
	number = {4},
	pages = {353--371}
}
@article{PhRew,
	title={Quantizing fourth-order gravity theories: The functional integral},
	author={Barth, N. H. and Christense, S. M.},
	year={1983},
	journal={Physical Review D},
	volume = {28}, 
	number = {8}
}